<record><leader>00000cas a2200000 a 4500</leader><controlfield tag="001">35051048</controlfield><controlfield tag="008">960710d18871996miuwr ne      0    0eng c</controlfield><datafield ind1=" " ind2=" " tag="010"><subfield code="a">sn 96076817 </subfield></datafield><datafield ind1=" " ind2=" " tag="040"><subfield code="a">MHN</subfield><subfield code="b">eng</subfield><subfield code="c">MHN</subfield><subfield code="d">OCL</subfield><subfield code="d">MHN</subfield><subfield code="d">OCLCQ</subfield><subfield code="d">OCLCF</subfield><subfield code="d">OCLCO</subfield></datafield><datafield ind1="1" ind2=" " tag="029"><subfield code="a">AU@</subfield><subfield code="b">000012679602</subfield></datafield><datafield ind1=" " ind2=" " tag="042"><subfield code="a">pcc</subfield></datafield><datafield ind1=" " ind2=" " tag="043"><subfield code="a">n-us-mi</subfield></datafield><datafield ind1="0" ind2=" " tag="130"><subfield code="a">Diamond drill (Crystal Falls, Mich.)</subfield></datafield><datafield ind1="1" ind2="4" tag="245"><subfield code="a">The Diamond drill.</subfield></datafield><datafield ind1=" " ind2=" " tag="260"><subfield code="a">Crystal Falls, Iron County, Mich. :</subfield><subfield code="b">C.M. Atkinson</subfield></datafield><datafield ind1=" " ind2=" " tag="300"><subfield code="a">v.</subfield></datafield><datafield ind1=" " ind2=" " tag="310"><subfield code="a">Weekly</subfield></datafield><datafield ind1="0" ind2=" " tag="362"><subfield code="a">Vol. 1, no. 1 (Jan. 22, 1887)-v. 109, no. 32 (Aug. 7, 1996).</subfield></datafield><datafield ind1=" " ind2="0" tag="651"><subfield code="a">Crystal Falls (Mich.)</subfield><subfield code="v">Newspapers.</subfield></datafield><datafield ind1=" " ind2="0" tag="651"><subfield code="a">Iron County (Mich.)</subfield><subfield code="v">Newspapers.</subfield></datafield><datafield ind1=" " ind2="7" tag="655"><subfield code="a">Newspapers.</subfield><subfield code="2">fast</subfield><subfield code="0">(OCoLC)fst01423814</subfield></datafield><datafield ind1=" " ind2="7" tag="651"><subfield code="a">Michigan</subfield><subfield code="z">Crystal Falls.</subfield><subfield code="2">fast</subfield><subfield code="0">(OCoLC)fst01281710</subfield></datafield><datafield ind1=" " ind2="7" tag="651"><subfield code="a">Michigan</subfield><subfield code="z">Iron County.</subfield><subfield code="2">fast</subfield><subfield code="0">(OCoLC)fst01214768</subfield></datafield><datafield ind1=" " ind2=" " tag="752"><subfield code="a">United States</subfield><subfield code="b">Michigan</subfield><subfield code="c">Iron</subfield><subfield code="d">Crystal Falls.</subfield></datafield><datafield ind1="1" ind2="4" tag="785"><subfield code="t">Iron River Reporter</subfield><subfield code="w">(DLC)sn 97062379</subfield><subfield code="w">(OCoLC)36644865</subfield></datafield></record>